@article{HWR:features1,
  title={Rapid feature extraction for optical character recognition},
  author={Hossain, M Zahid and Amin, M Ashraful and Yan, Hong},
  journal={arXiv preprint arXiv:1206.0238},
  year={2012}
}

@article{HWR:features2,
  title={Feature extraction methods for character recognition-a survey},
  author={Trier, {\O}ivind Due and Jain, Anil K and Taxt, Torfinn},
  journal={Pattern recognition},
  volume={29},
  number={4},
  pages={641--662},
  year={1996},
  publisher={Elsevier}
}